<collection xmlns="http://www.loc.gov/MARC21/slim">
<record>
  <leader>01355nam0a22002411i 450 </leader>
  <controlfield tag="001">IT\ICCU\CNCE\076672</controlfield>
  <controlfield tag="005">20111004000000.0</controlfield>
  <datafield tag="012" ind1=" " ind2=" ">
    <subfield code="a">:qu- t:l- biim &amp;smo (3) 1514 (R)</subfield>
    <subfield code="2">fei</subfield>
  </datafield>
  <datafield tag="100" ind1=" " ind2=" ">
    <subfield code="a">20110930d1514        0itac0103    ba</subfield>
  </datafield>
  <datafield tag="101" ind1=" " ind2=" ">
    <subfield code="a">LAT</subfield>
  </datafield>
  <datafield tag="102" ind1=" " ind2=" ">
    <subfield code="a">IT</subfield>
  </datafield>
  <datafield tag="200" ind1="1" ind2=" ">
    <subfield code="a">Super Codice / Odofredus</subfield>
  </datafield>
  <datafield tag="210" ind1=" " ind2=" ">
    <subfield code="e">Impressum in oppido Tridini</subfield>
    <subfield code="g">impensis domini Ioannis de ferrarijs alias de Iolitis: ac domini Girardi de zeijs predicti loci</subfield>
    <subfield code="h">1514 die. XXX. mensis Ianuarij</subfield>
  </datafield>
  <datafield tag="215" ind1=" " ind2=" ">
    <subfield code="a">560 c.</subfield>
    <subfield code="d">2\</subfield>
  </datafield>
  <datafield tag="300" ind1=" " ind2=" ">
    <subfield code="a">ANNULLATA:  ̈la 59088Le cinquecentine piemontesi, a cura di M. Bersano Begey e G. Dondi, Torino 1961-1966, III, p. 241 n. 1374. -  Il nome delĺautore precede il titolo. -  Gotico. -  Le carte possedute hanno segnatura: a-z8 &amp;8 \con!8 \rum!8 2a-2i8. -  Iniziali xilografiche e lettere guida</subfield>
  </datafield>
  <datafield tag="620" ind1=" " ind2=" ">
    <subfield code="a">IT</subfield>
    <subfield code="d">Trino</subfield>
  </datafield>
  <datafield tag="700" ind1=" " ind2="0">
    <subfield code="a">Odofredus</subfield>
    <subfield code="c"> : Bononiensis</subfield>
    <subfield code="3">IT\ICCU\CNCA\017613</subfield>
  </datafield>
  <datafield tag="712" ind1="0" ind2="0">
    <subfield code="a">Giolito De Ferrari, Giovanni &lt;1.&gt; &amp; Zeglio, Gerardo</subfield>
    <subfield code="3">IT\ICCU\CNCT\000085</subfield>
    <subfield code="4">650</subfield>
  </datafield>
  <datafield tag="790" ind1=" " ind2="0">
    <subfield code="a">Odofredus</subfield>
    <subfield code="c"> : de#Denariis</subfield>
    <subfield code="3">IT\ICCU\CNCA\021641</subfield>
    <subfield code="z">Odofredus : Bononiensis</subfield>
  </datafield>
  <datafield tag="790" ind1=" " ind2="1">
    <subfield code="a">Denari,</subfield>
    <subfield code="b">Odofredo</subfield>
    <subfield code="3">IT\ICCU\CNCA\021824</subfield>
    <subfield code="z">Odofredus : Bononiensis</subfield>
  </datafield>
  <datafield tag="791" ind1="0" ind2="0">
    <subfield code="a">Zeglio, Gerardo</subfield>
    <subfield code="3">IT\ICCU\CNCT\000086</subfield>
    <subfield code="z">Giolito De Ferrari, Giovanni &lt;1.&gt; &amp; Zeglio, Gerardo</subfield>
  </datafield>
  <datafield tag="801" ind1=" " ind2="3">
    <subfield code="a">IT</subfield>
    <subfield code="b">ICCU</subfield>
    <subfield code="c">20201115</subfield>
  </datafield>
  <datafield tag="899" ind1=" " ind2=" ">
    <subfield code="a">Biblioteca comunale dell&apos;Archiginnasio. Bologna</subfield>
    <subfield code="1">BO0304</subfield>
    <subfield code="2">UBO GA</subfield>
  </datafield>
</record>
</collection>
